<record><leader>00000cas a2200000 a 4500</leader><controlfield tag="001">4434162</controlfield><controlfield tag="008">781209d19761979arumr ne     s0    0eng d</controlfield><datafield ind1=" " ind2=" " tag="010"><subfield code="a">sn 93050528 </subfield></datafield><datafield ind1=" " ind2=" " tag="040"><subfield code="a">AFU</subfield><subfield code="b">eng</subfield><subfield code="c">AFU</subfield><subfield code="d">OCL</subfield><subfield code="d">ANU</subfield><subfield code="d">OCL</subfield><subfield code="d">OCLCF</subfield><subfield code="d">OCLCO</subfield></datafield><datafield ind1="1" ind2=" " tag="029"><subfield code="a">AU@</subfield><subfield code="b">000025885509</subfield></datafield><datafield ind1=" " ind2=" " tag="042"><subfield code="a">msc</subfield></datafield><datafield ind1="0" ind2="4" tag="245"><subfield code="a">The Arkansas guardsman.</subfield></datafield><datafield ind1=" " ind2=" " tag="260"><subfield code="a">North Little Rock, Ark. :</subfield><subfield code="b">National Guard of Arkansas,</subfield></datafield><datafield ind1=" " ind2=" " tag="300"><subfield code="a">5 v.</subfield></datafield><datafield ind1=" " ind2=" " tag="310"><subfield code="a">Monthly</subfield></datafield><datafield ind1="0" ind2=" " tag="362"><subfield code="a">Vol. 1, no. 1 (Apr. 1976)-v. 5, no. 9 (June 1979).</subfield></datafield><datafield ind1=" " ind2=" " tag="580"><subfield code="a">Supersedes publication by the same name issued in 1971-72.</subfield></datafield><datafield ind1="1" ind2="0" tag="610"><subfield code="a">Arkansas.</subfield><subfield code="b">National Guard</subfield><subfield code="v">Newspapers.</subfield></datafield><datafield ind1=" " ind2="7" tag="655"><subfield code="a">Newspapers.</subfield><subfield code="2">fast</subfield><subfield code="0">(OCoLC)fst01423814</subfield></datafield><datafield ind1="1" ind2="7" tag="610"><subfield code="a">Arkansas.</subfield><subfield code="b">National Guard.</subfield><subfield code="2">fast</subfield><subfield code="0">(OCoLC)fst00690292</subfield></datafield><datafield ind1="1" ind2=" " tag="710"><subfield code="a">Arkansas.</subfield><subfield code="b">National Guard.</subfield></datafield><datafield ind1=" " ind2=" " tag="752"><subfield code="a">United States</subfield><subfield code="b">Arkansas</subfield><subfield code="c">Pulaski</subfield><subfield code="d">North Little Rock.</subfield></datafield><datafield ind1="0" ind2="0" tag="785"><subfield code="t">Arkansas guard (Little Rock, Ark. : 1979)</subfield><subfield code="w">(DLC)sn93050519</subfield></datafield></record>